@INPROCEEDINGS{czer11,
	author =	 {Czerwonka, J. and Das, R. and Nagappan, N. and
	Tarvo, A. and Teterev, A.},
	booktitle =	 {Software Testing, Verification and Validation
	(ICST), 2011 IEEE Fourth International Conference
	on},
	title =	 {CRANE: Failure Prediction, Change Analysis and Test
	Prioritization in Practice -- Experiences from
	Windows},
	year =	 2011,
	month =	 {march},
	pages =	 {357 -366},
}

@inproceedings{ostrand04,
	author =	 {Ostrand, Thomas J. and Weyuker, Elaine J. and Bell,
	Robert M.},
	title =	 {Where the bugs are},
	booktitle =	 {ISSTA '04: Proceedings of the 2004 ACM SIGSOFT
	international symposium on Software testing and
	analysis},
	year =	 2004,
	pages =	 {86--96},
	publisher =	 {ACM},
	address =	 {New York, NY, USA},
}

@article{Menzies2007a,
	abstract = {Zhang and Zhang argue that predictors are useless unless they have high precison{\&}amp;recall. We have a different view, for two reasons. First, for SE data sets with large neg/pos ratios, it is often required to lower precision to achieve higher recall. Second, there are many domains where low precision detectors are useful.},
	author = {Menzies, Tim and Dekhtyar, Alex and Distefano, Justin and Greenwald, Jeremy},
	doi = {10.1109/TSE.2007.70721},
	file = {:C$\backslash$:/Users/Rahul Krishna/Documents/Mendeley Desktop/Menzies et al. - 2007 - Problems with precision A response to Comments on 'data mining static code attributes to learn defect predictors.pdf:pdf},
	issn = {0098-5589},
	journal = {IEEE Transactions on Software Engineering},
	keywords = {Accuracy measures,Defect prediction,Empirical,Static code attributes},
	month = {sep},
	number = {9},
	pages = {637--640},
	title = {{Problems with Precision: A Response to "Comments on 'Data Mining Static Code Attributes to Learn Defect Predictors'"}},
	url = {http://ieeexplore.ieee.org/lpdocs/epic03/wrapper.htm?arnumber=4288197},
	volume = {33},
	year = {2007}
}
@inproceedings{turhan11,
	title={Empirical evaluation of mixed-project defect prediction models},
	author={Turhan, Burak and Tosun, Ay{\c{s}}e and Bener, Ay{\c{s}}e},
	booktitle={Software Engineering and Advanced Applications (SEAA), 2011 37th EUROMICRO Conference on},
	pages={396--403},
	year={2011},
	organization={IEEE}
}

@ARTICLE{koc11b,
	author =	 "E. Kocaguneli and T. Menzies and A. Bener and
	J. Keung",
	journal =	 "IEEE Transactions on Software Engineering",
	title =	 "Exploiting the Essential Assumptions of
	Analogy-Based Effort Estimation",
	year =	 2012,
	volume =	 28,
	issue =	 2,
	pages =	 "425-438",
	note =	 "Available from
	\url{http://menzies.us/pdf/11teak.pdf}",
	class =	 "hJ"
}
